@online{1,
url="https://developers.google.com/sheets/api/guides/concepts"
}
@online{2,
url="https://spreadsheet.dev/send-an-email-for-every-row-in-a-google-sheet"
}
@book{3,
title="Matching Theory",
author="Laszlo Lovasz, Michael D. Plummer",
publisher="The American Mathematical Society"
}
@online{4
,url="https://medium.com/geekculture/2-easy-ways-to-read-google-sheets-data-using-python-9e7ef366c775#c6bb"
}
@online{5,
url="https://www.docs.gspread.org"
}
@online{6,
url="https://stackoverflow.com/questions/882712/send-html-emails-with-python"}
@online{7,
url="https://www.globalindian.com/givingback/british-indian-doctors-helps-indian-doctors/"}